
@book{ogrady_new_2013,
	title = {The {New} {Kingmakers}},
	isbn = {978-1-4493-5634-7},
	abstract = {The New Kingmakers documents the rise of the developer class, and provides strategies for companies to adapt to the new technology landscape. From recruiting to retention, it provides a playbook to work more efficiently and effectively with the most important members of your organization.},
	publisher = {O'Reilly Media, Inc.},
	author = {O'Grady, Stephen},
	year = {2013}
}